
@article{bourque1999guide,
  title={The guide to the software engineering body of knowledge},
  author={Bourque, Pierre and Dupuis, Robert and Abran, Alain and Moore, James W and Tripp, Leonard},
  journal={IEEE software},
  volume={16},
  number={6},
  pages={35--44},
  year={1999},
  publisher={IEEE}
}

@article{stamelos2002code,
  title={Code quality analysis in open source software development},
  author={Stamelos, Ioannis and Angelis, Lefteris and Oikonomou, Apostolos and Bleris, Georgios L},
  journal={Information systems journal},
  volume={12},
  number={1},
  pages={43--60},
  year={2002},
  publisher={Wiley Online Library}
}

@inproceedings{adorjan2020code,
  title={Code Quality Practices: Perspective of TeamLeaders},
  author={Adorjan, Alejandro, Solari , Martin , Vallerpir , Diego},
  booktitle={2020 Latin American Computer Conference (CLEI)},
  pages={},
  year={2020},
  organization={IEEE}
}

@inproceedings{raychev2021learning,
  title={Learning to Find Bugs and Code Quality Problems-What Worked and What not?},
  author={Raychev, Veselin},
  booktitle={2021 International Conference on Code Quality (ICCQ)},
  pages={1--5},
  year={2021},
  organization={IEEE}
}
@inproceedings{yang2021design,
  title={The Design and Implementation of Code Reading and Code Quality Practice Discussion Course},
  author={Yang, Xiaochun and Qin, Kun and Zhang, Yi},
  booktitle={Proceedings of the 52nd ACM Technical Symposium on Computer Science Education},
  pages={1255--1255},
  year={2021}
}
@article{baggen2012standardized,
  title={Standardized code quality benchmarking for improving software maintainability},
  author={Baggen, Robert and Correia, Jos{\'e} Pedro and Schill, Katrin and Visser, Joost},
  journal={Software Quality Journal},
  volume={20},
  number={2},
  pages={287--307},
  year={2012},
  publisher={Springer}
}
@inproceedings{ray2014large,
  title={A large scale study of programming languages and code quality in github},
  author={Ray, Baishakhi and Posnett, Daryl and Filkov, Vladimir and Devanbu, Premkumar},
  booktitle={Proceedings of the 22nd ACM SIGSOFT International Symposium on Foundations of Software Engineering},
  pages={155--165},
  year={2014}
}
@inproceedings{butler2010exploring,
  title={Exploring the influence of identifier names on code quality: An empirical study},
  author={Butler, Simon and Wermelinger, Michel and Yu, Yijun and Sharp, Helen},
  booktitle={2010 14th European Conference on Software Maintenance and Reengineering},
  pages={156--165},
  year={2010},
  organization={IEEE}
}

@book{spinellis2006code,
  title={Code quality: the open source perspective},
  author={Spinellis, Diomidis},
  year={2006},
  publisher={Adobe Press}
}
@inproceedings{cartaxo2019software,
  title={Software engineering research community viewpoints on rapid reviews},
  author={Cartaxo, Bruno and Pinto, Gustavo and Fonseca, Baldo{\'\i}no and Ribeiro, M{\'a}rcio and Pinheiro, Pedro and Baldassarre, Maria Teresa and Soares, S{\'e}rgio},
  booktitle={2019 ACM/IEEE International Symposium on Empirical Software Engineering and Measurement (ESEM)},
  pages={1--12},
  year={2019},
  organization={IEEE}
}
@incollection{cartaxo2020rapid,
  title={Rapid Reviews in Software Engineering},
  author={Cartaxo, Bruno and Pinto, Gustavo and Soares, Sergio},
  booktitle={Contemporary Empirical Methods in Software Engineering},
  pages={357--384},
  year={2020},
  publisher={Springer}
}

@inproceedings{cartaxo2016evidence,
  title={Evidence briefings: Towards a medium to transfer knowledge from systematic reviews to practitioners},
  author={Cartaxo, Bruno and Pinto, Gustavo and Vieira, Elton and Soares, S{\'e}rgio},
  booktitle={Proceedings of the 10th ACM/IEEE international symposium on empirical software engineering and measurement},
  pages={1--10},
  year={2016}
}

  @article{lenarduzzi2019does,
 title={Does Code Quality Affect Pull Request Acceptance? An empirical study},
 author={Lenarduzzi, Valentina and Nikkola, Vili and Saarim{\"a}ki, Nyyti and Taibi, Davide},
 journal={arXiv preprint arXiv:1908.09321},
 year={2019}
}